<?xml version="1.0" encoding="UTF-8"?><collection xmlns="http://www.loc.gov/MARC21/slim"><record><leader>00337nam--2200133-i-4500</leader><controlfield tag="001">000036735</controlfield><controlfield tag="002">20161230</controlfield><controlfield tag="005">20161230201041</controlfield><controlfield tag="008">060222s1000------------r-----000-0-eng-d</controlfield><datafield ind1=" " ind2=" " tag="080"><subfield code="a">546.799.4:669.824</subfield></datafield><datafield ind1=" " ind2=" " tag="245"><subfield code="a">Plutonium 1965</subfield></datafield><datafield ind1=" " ind2=" " tag="260"><subfield code="a">London, Chapman And Hall, 1967, Xv + 1114p</subfield></datafield><datafield ind1=" " ind2=" " tag="700"><subfield code="a">Kay, A.E.And Waldron, M.B</subfield></datafield><datafield ind1=" " ind2=" " tag="852"><subfield code="a">27268</subfield></datafield></record></collection>